%
% This is file `coppe.bib'.
%
% Bibliographic references for the documentation.
%
% Copyright (C) 2011 CoppeTeX Project and any individual authors listed
% elsewhere in this file.
%
% This program is free software; you can redistribute it and/or modify
% it under the terms of the GNU General Public License version 3 as
% published by the Free Software Foundation.
%
% This program is distributed in the hope that it will be useful,
% but WITHOUT ANY WARRANTY; without even the implied warranty of
% MERCHANTABILITY or FITNESS FOR A PARTICULAR PURPOSE. See the
% GNU General Public License version 3 for more details.
%
% You should have received a copy of the GNU General Public License
% version 3 along with this package (see COPYING file).
% If not, see <http://www.gnu.org/licenses/>.
%
% $URL: https://coppetex.svn.sourceforge.net/svnroot/coppetex/trunk/coppe.bib $
% $Id: coppe.bib 118 2008-10-18 14:17:06Z helano $
%
% Author(s): Vicente H. F. Batista
%            George O. Ainsworth Jr.
%

@book{schwartz_paradox_2004,
	address = {New York},
	title = {The paradox of choice},
	author = {Schwartz, Barry},
	month = {January},
	year = {2005},
	publisher = {ECCO},
	isbn = {0060005688 9780060005689},
	language = {English},
	numpages = {304}
},

@book{castells_information_1999,
	address = {Oxford},
	title = {The information age: economy, society and culture},
	author = {Castells, Manuel},
	month = {April},
	year = {1999},
	publisher = {Blackwell},
	isbn = {0631215948  9780631215943},
	language = {English},
	numpages = {1488},	
	shorttitle = {The information age}
},

@book{ricci_recommender_2011,
	address = {New York},	
	title = {Recommender Systems Handbook},
	editor = {Ricci, Francesco and Rokach, Lior and Shapira, Bracha and Kantor, Paul B.},
	year = {2011},
	publisher = {Springer},
	isbn = {978-0-387-85819-7},
	language = {English},
	numpages = {842},
	doi = {10.1007/978-0-387-85820-3},
	url = {http://www.springer.com/computer/ai/book/978-0-387-85819-7},
	access = {2014-02-24}
},

@inproceedings{Schafer:1999:RSE:336992.337035,
 	author = {Schafer, J. Ben and Konstan, Joseph and Riedl, John},
 	title = {Recommender Systems in e-Commerce},
 	booktitle = {Proceedings of the 1st ACM Conference on Electronic Commerce},
 	series = {EC '99},
 	year = {1999},
 	isbn = {1-58113-176-3},
 	location = {Denver, Colorado, USA},
 	pages = {158-166},
 	numpages = {9},
 	url = {http://doi.acm.org/10.1145/336992.337035},
 	access = {2014-02-24},
 	doi = {10.1145/336992.337035},
 	acmid = {337035},
 	publisher = {ACM},
 	address = {New York, NY, USA}
},

@INPROCEEDINGS{Bennett07thenetflix,
    author = {James Bennett and Stan Lanning and Netflix Netflix},
    title = {The Netflix Prize},
    booktitle = {In KDD Cup and Workshop in conjunction with KDD},
    year = {2007},
    doi = {10.1.1.115.6998},
},

@article{Bell:2007:LNP:1345448.1345465,
 	author = {Bell, Robert M. and Koren, Yehuda},
 	title = {Lessons from the Netflix Prize Challenge},
 	journal = {SIGKDD Explor. Newsl.},
 	issue_date = {December 2007},
 	volume = {9},
 	number = {2},
 	month = {December},
 	year = {2007},
 	issn = {1931-0145},
 	pages = {75-79},
 	numpages = {5},
 	url = {http://doi.acm.org/10.1145/1345448.1345465},
 	access = {2014-02-24},
 	doi = {10.1145/1345448.1345465},
 	acmid = {1345465},
 	publisher = {ACM},
 	address = {New York, NY, USA}
},

@article{su_survey_2009,
	title = {A Survey of Collaborative Filtering Techniques},
	author = {Su, Xiaoyuan and Khoshgoftaar, Taghi M.},
	month = {January},
	year = {2009},
	volume = {2009},
	issn = {1687-7470},
	doi = {10.1155/2009/421425},
	journal = {Advances in Artificial Intelligence},
	numpages = {19},
	url = {http://dx.doi.org/10.1155/2009/421425},
	access = {2014-02-24}
},

@inproceedings{Rashid:2002:GKY:502716.502737,
 	author = {Rashid, Al Mamunur and Albert, Istvan and Cosley, Dan and Lam, Shyong K. and McNee, Sean M. and Konstan, Joseph A. and Riedl, John},
 	title = {Getting to Know You: Learning New User Preferences in Recommender Systems},
 	booktitle = {Proceedings of the 7th International Conference on Intelligent User Interfaces},
 	series = {IUI '02},
 	year = {2002},
 	isbn = {1-58113-459-2},
 	location = {San Francisco, California, USA},
 	pages = {127-134},
 	numpages = {8},
 	url = {http://doi.acm.org/10.1145/502716.502737},
 	access = {2014-02-25},
 	doi = {10.1145/502716.502737},
 	acmid = {502737},
 	publisher = {ACM},
 	address = {New York, NY, USA}
},

@article{Rashid:2008:LPN:1540276.1540302,
 	author = {Rashid, Al Mamunur and Karypis, George and Riedl, John},
 	title = {Learning Preferences of New Users in Recommender Systems: An Information Theoretic Approach},
 	journal = {SIGKDD Explor. Newsl.},
 	issue_date = {December 2008},
 	volume = {10},
 	number = {2},
 	month = {December},
 	year = {2008},
 	issn = {1931-0145},
 	pages = {90-100},
 	numpages = {11},
 	url = {http://doi.acm.org/10.1145/1540276.1540302},
 	access = {2014-02-25},
 	doi = {10.1145/1540276.1540302},
 	acmid = {1540302},
 	publisher = {ACM},
 	address = {New York, NY, USA}
},

@incollection{elahi_rating_2011,
	series = {Lecture Notes in Business Information Processing},
	title = {Rating Elicitation Strategies for Collaborative Filtering},
	copyright = {©2011 Springer-Verlag {GmbH} Berlin Heidelberg},
	isbn = {978-3-642-23013-4, 978-3-642-23014-1},
	doi = {10.1007/978-3-642-23014-1_14},
	url = {http://dx.doi.org/10.1007/978-3-642-23014-1_14},
	access = {2014-02-25},
	volume = {85},
	booktitle = {E-Commerce and Web Technologies},
	publisher = {Springer Berlin Heidelberg},
	author = {Elahi, Mehdi and Repsys, Valdemaras and Ricci, Francesco},
	editor = {Huemer, Christian and Setzer, Thomas},
	month = {January},
	year = {2011},
	pages = {160-171}
},

@inproceedings{elahi_system-wide_2011,
	title = {System-wide effectiveness of active learning in collaborative filtering},
	booktitle = {Proceedings of the International Workshop on Social Web Mining, Co-located with {IJCAI}, Barcelona, Spain (July 2011)},
	author = {Elahi, Mehdi and Ricci, Francesco and Repsys, Valdemaras},
	month = {July},
	year = {2011}
},

@article{Elahi:2014:ALS:2542182.2542195,
 	author = {Elahi, Mehdi and Ricci, Francesco and Rubens, Neil},
 	title = {Active Learning Strategies for Rating Elicitation in Collaborative Filtering: A System-wide Perspective},
 	shorttitle = {Active Learning Strategies for Rating Elicitation in Collaborative Filtering},
 	journal = {ACM Trans. Intell. Syst. Technol.},
 	issue_date = {December 2013},
 	volume = {5},
 	number = {1},
 	month = {January},
 	year = {2014},
 	issn = {2157-6904},
 	pages = {1-33},
 	articleno = {13},
 	numpages = {33},
 	url = {http://doi.acm.org/10.1145/2542182.2542195},
 	access = {2014-02-25},
 	doi = {10.1145/2542182.2542195},
 	acmid = {2542195},
 	publisher = {ACM},
 	address = {New York, NY, USA}
},

@inproceedings{Carenini:2003:TMC:604045.604052,
 	author = {Carenini, Giuseppe and Smith, Jocelyin and Poole, David},
 	title = {Towards More Conversational and Collaborative Recommender Systems},
 	booktitle = {Proceedings of the 8th International Conference on Intelligent User Interfaces},
 	series = {IUI '03},
 	year = {2003},
 	isbn = {1-58113-586-6},
 	location = {Miami, Florida, USA},
 	pages = {12-18},
 	numpages = {7},
 	url = {http://doi.acm.org/10.1145/604045.604052},
 	access = {2014-02-26},
 	doi = {10.1145/604045.604052},
 	acmid = {604052},
 	publisher = {ACM},
 	address = {New York, NY, USA}
},

@article {ling_using_JCC4,
	author = {Ling, Kimberly and Beenen, Gerard and Ludford, Pamela and Wang, Xiaoqing and Chang, Klarissa and Li, Xin and Cosley, Dan and Frankowski, Dan and Terveen, Loren and Rashid, Al Mamunur and Resnick, Paul and Kraut, Robert},
	title = {Using Social Psychology to Motivate Contributions to Online Communities},
	journal = {Journal of Computer-Mediated Communication},
	volume = {10},
	number = {4},
	publisher = {Blackwell Publishing Ltd},
	issn = {1083-6101},
	url = {http://dx.doi.org/10.1111/j.1083-6101.2005.tb00273.x},
	access = {2014-02-26},
	doi = {10.1111/j.1083-6101.2005.tb00273.x},
	year = {2005}
},

@inproceedings{Rashid:2006:MPD:1124772.1124915,
 	author = {Rashid, Al M. and Ling, Kimberly and Tassone, Regina D. and Resnick, Paul and Kraut, Robert and Riedl, John},
 	title = {Motivating Participation by Displaying the Value of Contribution},
 	booktitle = {Proceedings of the SIGCHI Conference on Human Factors in Computing Systems},
 	series = {CHI '06},
 	year = {2006},
 	isbn = {1-59593-372-7},
 	location = {Montreal, Quebec, Canada},
 	pages = {955-958},
 	numpages = {4},
 	url = {http://doi.acm.org/10.1145/1124772.1124915},
	access = {2014-02-26}, 	
 	doi = {10.1145/1124772.1124915},
 	acmid = {1124915},
 	publisher = {ACM},
 	address = {New York, NY, USA}
},

@article{rashid2005irb,
	author = {Rashid, A. M. and Karypis, G. and Riedl, J.},
  	journal = {Proceedings of the SIAM International Conference on Data Mining},
  	title = {Influence in ratings-based recommender systems: An algorithm-independent approach},
  	year = {2005}
},

@incollection{harper_economic_2005,
	month = {January},
	year = {2005},
	isbn = {978-3-540-27885-6},
	booktitle = {User Modeling 2005},
	volume = {3538},
	series = {Lecture Notes in Computer Science},
	editor = {Ardissono, Liliana and Brna, Paul and Mitrovic, Antonija},
	copyright = {©2005 Springer-Verlag Berlin Heidelberg},
	doi = {10.1007/11527886_40},
	title = {An Economic Model of User Rating in an Online Recommender System},
	url = {http://dx.doi.org/10.1007/11527886_40},
	access = {2014-02-26},
	publisher = {Springer Berlin Heidelberg},
	author = {Harper, F.Maxwell and Li, Xin and Chen, Yan and Konstan, Joseph A.},
	pages = {307-316}
},

 @article{market_avery_1999,
     title = {The Market for Evaluations},
     author = {Avery, Christopher and Resnick, Paul and Zeckhauser, Richard},
     journal = {The American Economic Review},
     volume = {89},
     number = {3},
     pages = {564-584},
     url = {http://www.jstor.org/stable/117033},
     access = {2014-02-26},     
     issn = {00028282},
     language = {English},
     year = {1999},
     publisher = {American Economic Association},
     copyright = {Copyright © 1999 American Economic Association}
},

@article{linden_amazon_2003,
	title = {Amazon.com recommendations: Item-to-item collaborative filtering},
	volume = {7},
	shorttitle = {Amazon. com recommendations},
	volume = {1},
	journal = {Internet Computing, {IEEE}},
	author = {Linden, Greg and Smith, Brent and York, Jeremy},
	year = {2003},
	pages = {76–80}
},

@inproceedings{paterek_2007,
    author = {Paterek, Arkadiusz},
    booktitle = {Proc. KDD Cup Workshop at SIGKDD'07, 13th ACM Int. Conf. on Knowledge Discovery and Data Mining},
    location = {San Jose, CA, USA},
    pages = {39-42},
    title = {Improving regularized singular value decomposition for collaborative filtering},
    year = {2007}
},

@incollection{KorenBell_2011,
    author = {Koren, Yehuda and Bell, Robert M.},
    booktitle = {Recommender Systems Handbook},
    editor = {Ricci, Francesco and Rokach, Lior and Shapira, Bracha and Kantor, Paul B.},
    url = {http://dx.doi.org/10.1007/978-0-387-85820-3_5},
    access = {2014-04-07},
    isbn = {978-0-387-85819-7},
    pages = {145-186},
    publisher = {Springer},
    title = {Advances in Collaborative Filtering.},
    year = {2011}
},

@inproceedings{Herlocker:1999:AFP:312624.312682,
    author = {Herlocker, Jonathan L. and Konstan, Joseph A. and Borchers, Al and Riedl, John},
    title = {An Algorithmic Framework for Performing Collaborative Filtering},
    booktitle = {Proceedings of the 22Nd Annual International ACM SIGIR Conference on Research and Development in Information Retrieval},
    series = {SIGIR '99},
    year = {1999},
    isbn = {1-58113-096-1},
    location = {Berkeley, California, USA},
    pages = {230-237},
    numpages = {8},
    url = {http://doi.acm.org/10.1145/312624.312682},
    access = {2014-04-08},
    doi = {10.1145/312624.312682},
    publisher = {ACM},
    address = {New York, NY, USA}
},

@book{Baeza-Yates:1999:MIR:553876,
    author = {Baeza-Yates, Ricardo A. and Ribeiro-Neto, Berthier},
    title = {Modern Information Retrieval},
    year = {1999},
    isbn = {020139829X},
    publisher = {Addison-Wesley Longman Publishing Co., Inc.},
    address = {Boston, MA, USA}
},

@book{Rokach:2008:DMD:1796114,
    author = {Rokach, Lior and Maimon, Oded},
    title = {Data Mining with Decision Trees: Theory and Applications},
    year = {2008},
    isbn = {9789812771711, 9812771719},
    publisher = {World Scientific Publishing Co., Inc.},
    address = {River Edge, NJ, USA},
},

@inproceedings{Golbandi:2010:BRS:1871437.1871734,
    author = {Golbandi, Nadav and Koren, Yehuda and Lempel, Ronny},
    title = {On Bootstrapping Recommender Systems},
    booktitle = {Proceedings of the 19th ACM International Conference on Information and Knowledge Management},
    series = {CIKM '10},
    year = {2010},
    isbn = {978-1-4503-0099-5},
    location = {Toronto, ON, Canada},
    pages = {1805-1808},
    numpages = {4},
    url = {http://doi.acm.org/10.1145/1871437.1871734},
    access = {2014-04-11},
    doi = {10.1145/1871437.1871734},
    acmid = {1871734},
    publisher = {ACM},
    address = {New York, NY, USA}
 },
 
@inproceedings{Golbandi:2011:ABR:1935826.1935910,
    author = {Golbandi, Nadav and Koren, Yehuda and Lempel, Ronny},
    title = {Adaptive Bootstrapping of Recommender Systems Using Decision Trees},
    booktitle = {Proceedings of the Fourth ACM International Conference on Web Search and Data Mining},
    series = {WSDM '11},
    year = {2011},
    isbn = {978-1-4503-0493-1},
    location = {Hong Kong, China},
    pages = {595-604},
    numpages = {10},
    url = {http://doi.acm.org/10.1145/1935826.1935910},
    access = {2014-07-29},
    doi = {10.1145/1935826.1935910},
    publisher = {ACM},
    address = {New York, NY, USA},
},
 
@book{davenport_big_2014,
	address = {Boston Massachusetts},
	title = {Big Data at Work: Dispelling the Myths, Uncovering the Opportunities},
	isbn = {9781422168165},
	shorttitle = {Big Data at Work},
	language = {English},
	publisher = {Harvard Business Review Press},
	author = {Davenport, Thomas H.},
	month = {February},
	year = {2014}
},

@PhdThesis{cadu:2013,
    title = {Active Learning: An Unbiased Approach},
    author = {Carlos Eduardo Ribeiro de Mello},
    school = {Federal University of Rio de Janeiro (UFRJ), Brazil},
    year = {2013}
},

@book{Duda:2000:PC:954544,
    author = {Duda, Richard O. and Hart, Peter E. and Stork, David G.},
    title = {Pattern Classification (2Nd Edition)},
    year = {2000},
    isbn = {0471056693},
    publisher = {Wiley-Interscience}
},

@book{degroot86stat,
    added-at = {2008-03-31T11:26:14.000+0200},
    author = {DeGroot, M. H.},
    language = {english},
    publisher = {Addison-Wesley},
    title = {Probability and Statistics},
    year = {1986}
},

@book{Principe:2010:ITL:1855180,
    author = {Principe, Jose C.},
    title = {Information Theoretic Learning: Renyi's Entropy and Kernel Perspectives},
    year = {2010},
    isbn = {1441915699, 9781441915696},
    edition = {1},
    publisher = {Springer Publishing Company, Incorporated}
},

@article{Goldberg:1992:UCF:138859.138867,
    author = {Goldberg, David and Nichols, David and Oki, Brian M. and Terry, Douglas},
    title = {Using Collaborative Filtering to Weave an Information Tapestry},
    journal = {Commun. ACM},
    volume = {35},
    number = {12},
    month = {December},
    year = {1992},
    issn = {0001-0782},
    pages = {61-70},
    numpages = {10},
    url = {http://doi.acm.org/10.1145/138859.138867},
    access = {2014-06-15},
    doi = {10.1145/138859.138867},
    publisher = {ACM},
    address = {New York, NY, USA}
},

@inproceedings{Shardanand:1995:SIF:223904.223931,
    author = {Shardanand, Upendra and Maes, Pattie},
    title = {Social Information Filtering: Algorithms for Automating \&Ldquo;Word of Mouth\&Rdquo;},
    booktitle = {Proceedings of the SIGCHI Conference on Human Factors in Computing Systems},
    series = {CHI '95},
    year = {1995},
    isbn = {0-201-84705-1},
    location = {Denver, Colorado, USA},
    pages = {210-217},
    numpages = {8},
    url = {http://dx.doi.org/10.1145/223904.223931},
    access = {2014-06-15},
    doi = {10.1145/223904.223931},
    publisher = {ACM Press/Addison-Wesley Publishing Co.},
    address = {New York, NY, USA}
},

@inproceedings{Resnick:1994:GOA:192844.192905,
    author = {Resnick, Paul and Iacovou, Neophytos and Suchak, Mitesh and Bergstrom, Peter and Riedl, John},
    title = {GroupLens: An Open Architecture for Collaborative Filtering of Netnews},
    booktitle = {Proceedings of the 1994 ACM Conference on Computer Supported Cooperative Work},
    series = {CSCW '94},
    year = {1994},
    isbn = {0-89791-689-1},
    location = {Chapel Hill, North Carolina, USA},
    pages = {175-186},
    numpages = {12},
    url = {http://doi.acm.org/10.1145/192844.192905},
    access = {2014-06-15},
    doi = {10.1145/192844.192905},
    publisher = {ACM},
    address = {New York, NY, USA}
},

@article{Adomavicius:2005:TNG:1070611.1070751,
    author = {Adomavicius, Gediminas and Tuzhilin, Alexander},
    title = {Toward the Next Generation of Recommender Systems: A Survey of the State-of-the-Art and Possible Extensions},
    journal = {IEEE Trans. on Knowl. and Data Eng.},
    issue_date = {June 2005},
    volume = {17},
    number = {6},
    month = {June},
    year = {2005},
    issn = {1041-4347},
    pages = {734-749},
    numpages = {16},
    url = {http://dx.doi.org/10.1109/TKDE.2005.99},
    access = {2014-06-15},
    doi = {10.1109/TKDE.2005.99},
    publisher = {IEEE Educational Activities Department},
    address = {Piscataway, NJ, USA}
},

@MastersThesis{braida:2013,
    title = {Transformando o Problema de Recomendação em Aprendizado de Máquina Supervisionado},
    author = {Filipe Braida do Carmo},
    school = {Federal University of Rio de Janeiro (UFRJ), Brazil},
    year = {2013}
},

@book{strang09,
    address = {Wellesley, MA},
    author = {Strang, Gilbert},
    isbn = {0980232716},
    publisher = {Wellesley-Cambridge Press},
    title = {Introduction to Linear Algebra},
    year = {2009}
},

@article{Dumais:LSA:2004,
    author = {Dumais, Susan T.},
    title = {Latent semantic analysis},
    journal = {Annual Review of Information Science and Technology},
    volume = {38},
    number = {1},
    publisher = {Wiley Subscription Services, Inc., A Wiley Company},
    issn = {1550-8382},
    url = {http://dx.doi.org/10.1002/aris.1440380105},
    access = {2014-06-27},
    doi = {10.1002/aris.1440380105},
    pages = {188-230},
    year = {2004}
}, 

@ONLINE{Funk:2006:Online,
    author = {Funk, Simon},
    title = {Netflix Update: Try This at Home},
    month = {December},
    year = {2006},
    url = {http://http://sifter.org/~simon/journal/20061211.html},
    access = {2014-06-30}
},

@MISC{Claypool99combiningcontent-based,
    author = {Mark Claypool and Anuja Gokhale and Tim Miranda and Pavel Murnikov and Dmitry Netes and Matthew Sartin},
    title = {Combining Content-Based and Collaborative Filters in an Online Newspaper},
    year = {1999}
},

@article{Pazzani:1999:FCC:340120.340130,
    author = {Pazzani, Michael J.},
    title = {A Framework for Collaborative, Content-Based  and Demographic Filtering},
    journal = {Artif. Intell. Rev.},
    volume = {13},
    number = {5-6},
    month = {December},
    year = {1999},
    issn = {0269-2821},
    pages = {393-408},
    numpages = {16},
    url = {http://dx.doi.org/10.1023/A:1006544522159},
    access = {2014-07-03},
    doi = {10.1023/A:1006544522159},
    publisher = {Kluwer Academic Publishers},
    address = {Norwell, MA, USA}
},

@article{Balabanovic:1997:FCC:245108.245124,
    author = {Balabanovi\'{c}, Marko and Shoham, Yoav},
    title = {Fab: Content-based, Collaborative Recommendation},
    journal = {Commun. ACM},
    volume = {40},
    number = {3},
    month = {March},
    year = {1997},
    issn = {0001-0782},
    pages = {66-72},
    numpages = {7},
    url = {http://doi.acm.org/10.1145/245108.245124},
    access = {2014-07-03},
    doi = {10.1145/245108.245124},
    publisher = {ACM},
    address = {New York, NY, USA}
},

@inproceedings{Melville:2002:CCF:777092.777124,
    author = {Melville, Prem and Mooney, Raymod J. and Nagarajan, Ramadass},
    title = {Content-boosted Collaborative Filtering for Improved Recommendations},
    booktitle = {Eighteenth National Conference on Artificial Intelligence},
    year = {2002},
    isbn = {0-262-51129-0},
    location = {Edmonton, Alberta, Canada},
    pages = {187--192},
    numpages = {6},
    url = {http://dl.acm.org/citation.cfm?id=777092.777124},
    access = {2014-07-03},
    publisher = {American Association for Artificial Intelligence},
    address = {Menlo Park, CA, USA}
},

@INPROCEEDINGS{Nicholas99combiningcontent,
    author = {Ian Soboroff. Charles Nicholas and Charles K. Nicholas},
    title = {Combining Content and Collaboration in Text Filtering},
    booktitle = {In Proceedings of the IJCAI’99 Workshop on Machine Learning for Information Filtering},
    year = {1999},
    pages = {86-91}
},

@book{Berry:1999:USE:307681,
    author = {Berry, Michael W. and Browne, Murray},
    title = {Understanding Search Engines: Mathematical Modeling and Text Retrieval},
    year = {1999},
    isbn = {0-89871-437-0},
    publisher = {Society for Industrial and Applied Mathematics},
    address = {Philadelphia, PA, USA},
},

@article{ansari:2000,
    author = {Ansari, Asim and Essegaier, Skander and Kohli, Rajeev},
    booktitle = {Journal of Marketing Research},
    pages = {363-375},
    title = {Internet Recommendation Systems},
    year = {2000}
},

@INPROCEEDINGS{Condliff99bayesianmixed-effects,
    author = {Michelle Keim Condliff and David D. Lewis and David Madigan},
    title = {Bayesian Mixed-Effects Models for Recommender Systems},
    booktitle = {In ACM SIGIR ’99 Workshop on Recommender Systems: Algorithms and Evaluation},
    year = {1999}
},

@INPROCEEDINGS{Popescul01probabilisticmodels,
    author = {Rin Popescul and Lyle H. Ungar},
    title = {Probabilistic models for unified collaborative and content-based recommendation in sparsedata environments},
    booktitle = {In UAI ’01, 437–444},
    year = {2001}
},

@techreport{settles.tr09,
    author = {Burr Settles},
    institution = {University of Wisconsin--Madison},
    number = {1648},
    title = {Active Learning Literature Survey},
    type = {Computer Sciences Technical Report},
    year = {2009}
},

@INCOLLECTION{RubensRecSysHB2010,
    author = {Neil Rubens and Dain Kaplan and Masashi Sugiyama},
    title = {Active Learning in Recommender Systems},
    booktitle = {Recommender Systems Handbook},
    publisher = {Springer},
    year = {2011},
    editor = {P.B. Kantor and F. Ricci and L. Rokach and B. Shapira},
    pages = {735-767},
    doi = {10.1007/978-0-387-85820-3_23}
},

@inproceedings{Boutilier:2002:ACF:2100584.2100596,
    author = {Boutilier, Craig and Zemel, Richard S. and Marlin, Benjamin},
    title = {Active Collaborative Filtering},
    booktitle = {Proceedings of the Nineteenth Conference on Uncertainty in Artificial Intelligence},
    series = {UAI'03},
    year = {2003},
    isbn = {0-127-05664-5},
    location = {Acapulco, Mexico},
    pages = {98-106},
    numpages = {9},
    url = {http://dl.acm.org/citation.cfm?id=2100584.2100596},
    access = {2014-07-23},
    publisher = {Morgan Kaufmann Publishers Inc.},
    address = {San Francisco, CA, USA}
},

@inproceedings{Jin:2004:BAT:1036843.1036877,
    author = {Jin, Rong and Si, Luo},
    title = {A Bayesian Approach Toward Active Learning for Collaborative Filtering},
    booktitle = {Proceedings of the 20th Conference on Uncertainty in Artificial Intelligence},
    series = {UAI '04},
    year = {2004},
    isbn = {0-9749039-0-6},
    location = {Banff, Canada},
    pages = {278-285},
    numpages = {8},
    url = {http://dl.acm.org/citation.cfm?id=1036843.1036877},
    access = {2014-07-23},
    publisher = {AUAI Press},
    address = {Arlington, Virginia, United States}
},

@inproceedings{Harpale:2008:PAL:1390334.1390352,
    author = {Harpale, Abhay S. and Yang, Yiming},
    title = {Personalized Active Learning for Collaborative Filtering},
    booktitle = {Proceedings of the 31st Annual International ACM SIGIR Conference on Research and Development in Information Retrieval},
    series = {SIGIR '08},
    year = {2008},
    isbn = {978-1-60558-164-4},
    location = {Singapore, Singapore},
    pages = {91-98},
    numpages = {8},
    url = {http://doi.acm.org/10.1145/1390334.1390352},
    access = {2014-07-23},
    doi = {10.1145/1390334.1390352},
    publisher = {ACM},
    address = {New York, NY, USA}
},

@inproceedings{Seung:1992:QC:130385.130417,
    author = {Seung, H. S. and Opper, M. and Sompolinsky, H.},
    title = {Query by Committee},
    booktitle = {Proceedings of the Fifth Annual Workshop on Computational Learning Theory},
    series = {COLT '92},
    year = {1992},
    isbn = {0-89791-497-X},
    location = {Pittsburgh, Pennsylvania, USA},
    pages = {287-294},
    numpages = {8},
    url = {http://doi.acm.org/10.1145/130385.130417},
    access = {2014-07-24},
    doi = {10.1145/130385.130417},
    publisher = {ACM},
    address = {New York, NY, USA},
},

@inproceedings{Mello:2010:ALD:1864708.1864782,
    author = {Mello, Carlos Eduardo and Aufaure, Marie-Aude and Zimbrao, Geraldo},
    title = {Active Learning Driven by Rating Impact Analysis},
    booktitle = {Proceedings of the Fourth ACM Conference on Recommender Systems},
    series = {RecSys '10},
    year = {2010},
    isbn = {978-1-60558-906-0},
    location = {Barcelona, Spain},
    pages = {341-344},
    numpages = {4},
    url = {http://doi.acm.org/10.1145/1864708.1864782},
    access = {2014-07-25},
    doi = {10.1145/1864708.1864782},
    publisher = {ACM},
    address = {New York, NY, USA}
},

@inproceedings{lee2013alleviating,
    title = {Alleviating the Sparsity in Collaborative Filtering using Crowdsourcing},
    author = {Lee, Jongwuk and Jang, Myungha and Lee, Dongwon and Hwang, Won-Seok and Hong, Jiwon and Kim, Sang-Wook},
    booktitle = {Workshop on Crowdsourcing and Human Computation for Recommender Systems (CrowdRec)},
    pages = {5},
    year = {2013}
}













	
	
	
